@online{om,
	Title = {OpenMined},
	Note = {Markeplace de modelos de deep learning},
	Url = {https://www.openmined.org/}
}

@online{dml,
	Title = {DML},
	Note = {Marketplace de modelos de machine learning},
	Url = {https://decentralizedml.com/}
}

@online{nai,
	Title = {NumerAI},
	Note = {Fondo de inversion que genera predicción con modelos de ML crowd-sourced},
	Url = {https://numer.ai/}
}

@online{aug,
	Title = {Augur},
	Note = {Protocolo de predicción de mercados en la Blockchain},
	Url = {https://www.augur.net/}
}

@online{gn,
	Title = {Golem Network},
	Note = {Supercomputadora descentralizada},
	Url = {https://golem.network/}
}

@online{oc,
	Title = {OceanProtocol},
	Note = {Ecosistema destinado a compartir datos como activos y ML como servicios de manera descentralizada},
	Url = {https://oceanprotocol.com/}
}

@online{wib,
	Title = {Wibson},
	Note = {Marketplace de datos descentralizado},
	Url = {https://wibson.org/}
}







@online{eth,
	Author = {Buterin Vitalik},
	Title = {Ethereum: A secure descentralized generalized transaction ledger},
	Url = {https://www.ethereum.org}
}

@online{sol,
	Title = {Solidity},
	Note = {Lenguaje de programación de smart contracts},
	Url = {https://solidity.readthedocs.io/en/v0.5.3/}
}

@online{zos,
	Title = {ZeppelinOS},
	Note = {Plataforma de desarrollo de smart contracts},
	Url = {https://zeppelinos.org/}
}

@online{oz,
	Title = {OpenZeppelin},
	Note = {Framework de desarrollo de smart contracts seguros},
	Url = {https://openzeppelin.org/}
}

@online{tr,
	Title = {Truffle},
	Note = {Framework de desarrollo de smart contracts},
	Url = {https://truffleframework.com/truffle}
}

@online{gch,
	Title = {Ganache},
	Note = {Testnet local para Ethereum Blockchain},
	Url = {https://truffleframework.com/ganache}
}

@online{mk,
	Title = {Metamask},
	Note = {Extensión para ejecutar aplicaciones descentralizadas en los web browsers},
	Url = {https://metamask.io/}
}






@online{py,
	Title = {Python},
	Note = {Lenguaje de programación interpretado.},
	Url = {https://www.python.org/}
}

@online{sk,
	Title = {Scikit Learn},
	Note = {Framework de machine learning para Python},
	Url = {https://scikit-learn.org/stable/}
}

@online{pyt,
	Title = {PyTorch},
	Note = {Biblioteca de deep learning para Python},
	Url = {https://pytorch.org/}
}

@online{tf,
	Title = {TensorFlow},
	Note = {Biblioteca opensource para Machine Learning},
	Url = {https://www.tensorflow.org/}
}

@online{ks,
	Title = {Keras},
	Note = {Biblioteca de deep learning para Python que puede ejecutarse sobre Tensorflow},
	Url = {https://keras.io/}
}

@online{tfjs,
	Title = {Tensorflow.js},
	Note = {Biblioteca de machine learning que puede ser ejecutada en web browsers},
	Url = {https://js.tensorflow.org/}
}

@online{rt,
	Title = {React},
	Note = {Biblioteca de javascript para desarrollo de clientes web},
	Url = {https://reactjs.org/}
}

@online{ipfs,
	Title = {IPFS},
	Note = {Sistema descentralizado de almacenamiento de datos},
	Url = {https://ipfs.io/}
}





@online{docs,
	Title = {Google Docs},
	Note = {Herramienta para edición de archivos online},
	Url = {https://docs.google.com}
}


@online{git,
	Title = {Git},
	Note = {Sistema de control de versiones},
	Url = {https://git-scm.com/}
}

@online{latx,
	Title = {Latex},
	Note = {Sistema de composición de textos de alta calidad},
	Url = {https://www.latex-project.org/}
}

@online{scrum,
	Title = {SCRUM},
	Note = {Metodología de desarrollo de Software, con ciclo de vida iterativo},
	Url = {https://scrummethodology.com/}
}


@online{fusch,
	Title = {FusionCharts},
	Note = {Biblioteca javascript para creación de gráficos},
	Url = {https://www.fusioncharts.com/}
}



@online{cy,
	Title = {Cython},
	Note = {Extenciónes de leguaje C para Python},
	Url = {https://cython.org/}
}




@online{docker,
	Title = {Docker},
	Note = {Entorno de virtualizacion},
	Url = {https://www.docker.com/}
}

@online{bp,
	Title = {Boostrap},
	Note = {Toolkit para diseño de interfaces web},
	Url = {http://getbootstrap.com/}
}

@online{heroku,
	Title = {Heroku},
	Note = {Plataforma de servicios en la nube para deploy de aplicaciones},
	Url = {https://www.heroku.com/}
}

@online{pyide,
	Title = {PyCharm},
	Note = {IDE para desarrollos basados en Python},
	Url = {https://www.jetbrains.com/pycharm/}
}

@online{remix,
	Title = {Remix},
	Note = {IDE para desarrollo de smart contracts de Ethereum escritos en Solidity},
	Url = {https://remix.ethereum.org/}
}

@online{course1,
	Title = {The School of AI: Descentralized Applications course},
	Note = {Curso de desarrollo de aplicaciones descentralizadas sobre la red de Ethereum},
	Url = {https://www.theschool.ai/courses/decentralized-application/}
}

@online{course2,
	Title = {Coursera: Blockchain Specialization},
	Note = {Especialización en Blockchain de coursera que contiene varios cursos},
	Url = {https://www.coursera.org/specializations/blockchain}
}







@article{bc,
	Author = {Satoshi Nakamoto},
	Title = {Bitcoin: A Peer-to-Peer Electronic Cash System},
	Url = {https://bitcoin.org/bitcoin.pdf}
}


@article{fedlearn1,
	Author = {Keith Bonawitz and Vladimir Ivanov and Ben Kreuter and Antonio Marcedone and H. Brendan McMahan and Sarvar Patel and Daniel Ramage and Aaron Segal and Karn Seth},
	Title = {Practical Secure Aggregation for Federated Learning on User-Held Data},
	Url = {https://ai.google/research/pubs/pub45808},
	Year = {2016}
}

@article{fedlearn2,
	Author = {Jakub Konečný and H. Brendan McMahan and Daniel Ramage and Peter Richtarik},
	Title = {Federated Optimization: Distributed Machine Learning for On-Device Intelligence},
	Url = {https://ai.google/research/pubs/pub45630},
	Year = {2016}
}

@article{fedlearn3,
	Author = {Jakub Konečný and H. Brendan McMahan and Felix X. Yu and Peter Richtarik and Ananda Theertha Suresh and Dave Bacon},
	Title = {Federated Learning: Strategies for Improving Communication Efficiency},
	Url = {https://ai.google/research/pubs/pub45648},
	Year = {2016}
}

@article{fedlearn4,
	Author = {Andrew Hard and Kanishka Rao and Rajiv Mathews and Françoise Beaufays and Sean Augenstein and Hubert Eichner and Chloé Kiddon and Daniel Ramage},
	Title = {Federated Learning for mobile keyboard prediction},
	Url = {https://ai.google/research/pubs/pub47586},
	Year = {2018}
}

@article{fedlearn5,
	Author = {Sebastian Caldas and Jakub Konečný and Brendan McMahan and Ameet Talwalkar},
	Title = {Expanding the Reach of Federated Learning by Reducing Client Resource Requirements},
	Url = {https://ai.google/research/pubs/pub47774},
	Year = {2018}
}

@article{fedlearn6,
	Author = {Timothy Yang and Galen Andrew and Hubert Eichner and Haicheng Sun and Wei Li and Nicholas Kong and Daniel Ramage and Françoise Beaufays},
	Title = {Applied Federated Learning: Improving Google Keyboard Query Suggestions},
	Url = {https://ai.google/research/pubs/pub47655},
	Year = {2018}
}


@article{secmultpart,
	Author = {Dumitru Roman and Kien Vu},
	Title = {Enabling Data Markets using Smart Contracts and
Multi-Party Computation},
	Url = {https://link.springer.com/chapter/10.1007/978-3-030-04849-5_23},
	Year = {2019}
}

@article{homenc,
	Author = {Ciara Moore and Máire O'Neill and Elizabeth O'Sullivan and Yarkın Doröz and Berk Sunar},
	Title = {Practical homomorphic encryption: A survey},
	Url = {https://ieeexplore.ieee.org/abstract/document/6865753},
	Year = {2014}
}

@article{diffpriv1,
	Author = {Kobbi Nissim and Thomas Steinke and Alexandra Wood and Mark Bun and Marco Gaboardi and David R. O'Brien and Salil Vadhan},
	Title = {Differential Privacy: A Primer for a Non-technical Audience},
	Url = {http://privacytools.seas.harvard.edu/files/privacytools/files/pedagogical-document-dp_0.pdf},
	Year = {2017}
}

@article{diffpriv2,
	Author = {Cynthia Dwork},
	Title = {Differential Privacy},
	Url = {https://www.utdallas.edu/~muratk/courses/privacy08f_files/differential-privacy.pdf},
	Year = {2008}
}
